<record><leader>02402cam a2200421 i 4500</leader><controlfield tag="001">6805475</controlfield><controlfield tag="003">OCoLC</controlfield><controlfield tag="005">20150128070034.3</controlfield><controlfield tag="006">m     o  d        </controlfield><controlfield tag="007">cr cnu---unuuu</controlfield><controlfield tag="008">150103s2015    nyu     o     000 0 eng d</controlfield><datafield ind1=" " ind2=" " tag="020"><subfield code="a">9781462519453</subfield><subfield code="q">electronic bk.</subfield></datafield><datafield ind1=" " ind2=" " tag="020"><subfield code="a">1462519458</subfield><subfield code="q">electronic bk.</subfield></datafield><datafield ind1=" " ind2=" " tag="037"><subfield code="a">933197</subfield><subfield code="b">EBSCO</subfield></datafield><datafield ind1=" " ind2=" " tag="039"><subfield code="a">exclude</subfield></datafield><datafield ind1=" " ind2=" " tag="040"><subfield code="a">CaONFJC</subfield><subfield code="c">CaONFJC</subfield><subfield code="e">rda</subfield><subfield code="d">AEU</subfield></datafield><datafield ind1=" " ind2="4" tag="050"><subfield code="a">H62</subfield><subfield code="b">.L395 2015</subfield></datafield><datafield ind1="0" ind2="4" tag="082"><subfield code="a">700.72</subfield></datafield><datafield ind1=" " ind2=" " tag="090"><subfield code="a">Internet Access</subfield><subfield code="b">AEU</subfield></datafield><datafield ind1="1" ind2=" " tag="100"><subfield code="a">Leavy, Patricia,</subfield><subfield code="d">1975-</subfield></datafield><datafield ind1="1" ind2="0" tag="245"><subfield code="a">Method Meets Art</subfield><subfield code="h">[electronic resource] :</subfield><subfield code="b">Arts-Based Research Practice /</subfield><subfield code="c">Patricia Leavy.</subfield></datafield><datafield ind1=" " ind2=" " tag="250"><subfield code="a">2nd ed.</subfield></datafield><datafield ind1=" " ind2=" " tag="260"><subfield code="a">New York :</subfield><subfield code="b">The Guilford Press,</subfield><subfield code="c">2015.</subfield></datafield><datafield ind1=" " ind2=" " tag="300"><subfield code="a">1 online resource (354 pages)</subfield></datafield><datafield ind1=" " ind2=" " tag="336"><subfield code="a">text</subfield><subfield code="b">txt</subfield><subfield code="2">rdacontent</subfield></datafield><datafield ind1=" " ind2=" " tag="337"><subfield code="a">computer</subfield><subfield code="b">c</subfield><subfield code="2">rdamedia</subfield></datafield><datafield ind1=" " ind2=" " tag="338"><subfield code="a">online resource</subfield><subfield code="b">cr</subfield><subfield code="2">rdacarrier</subfield></datafield><datafield ind1="0" ind2=" " tag="505"><subfield code="a">Social research and the creative arts : an introduction -- Narrative inquiry and fiction-based research -- Poetic inquiry -- Music as method -- Dance and movement as inquiry -- Theatre, drama, and film -- The visual arts -- Evaluation criteria for arts-based research -- Bridging the art-science divide.</subfield></datafield><datafield ind1=" " ind2=" " tag="506"><subfield code="a">Access restricted to authorized users and institutions.</subfield></datafield><datafield ind1=" " ind2=" " tag="520"><subfield code="a">A comprehensive, highly accessible introduction to arts-based research (ABR), this widely used text provides a practical guide for researchers who want to uncover information that traditional methods cannot capture. Patricia Leavy addresses all eight major ABR genres--narrative inquiry, fiction-based research, poetry, music, dance, theatre, film, and visual art. Following a consistent format, chapters review how each genre developed, explore its methodological variations and the kind of research questions it can address, and describe sample studies. An exemplary research article or online vide.</subfield></datafield><datafield ind1=" " ind2=" " tag="588"><subfield code="a">Description based on print version record.</subfield></datafield><datafield ind1=" " ind2=" " tag="596"><subfield code="a">44</subfield></datafield><datafield ind1=" " ind2="0" tag="650"><subfield code="a">Qualitative research</subfield><subfield code="x">Methodology.</subfield></datafield><datafield ind1=" " ind2="0" tag="650"><subfield code="a">Art and society.</subfield></datafield><datafield ind1=" " ind2="0" tag="650"><subfield code="a">Art and science.</subfield></datafield><datafield ind1="4" ind2="0" tag="856"><subfield code="3">University of Alberta Access</subfield><subfield code="u">http://search.ebscohost.com/login.aspx?direct=true&amp;scope=site&amp;db=nlebk&amp;db=nlabk&amp;AN=933197</subfield><subfield code="z">(Single User Access)</subfield></datafield><datafield ind1=" " ind2=" " tag="949"><subfield code="w">ORDER</subfield><subfield code="h">UAIN</subfield><subfield code="z">PDACOUTTS</subfield></datafield><datafield ind1=" " ind2=" " tag="926"><subfield code="a">Internet Access</subfield><subfield code="w">LC</subfield><subfield code="c">1</subfield><subfield code="i">6805475-1001</subfield><subfield code="l">INTERNET</subfield><subfield code="m">UAINTERNET</subfield><subfield code="r">Y</subfield><subfield code="s">Y</subfield><subfield code="t">E-RESOURCE</subfield><subfield code="u">2/17/2015</subfield><subfield code="x">E-BOOK</subfield><subfield code="z">PDAOWNED</subfield></datafield></record>